%% This BibTeX bibliography file was created using BibDesk.
%% http://bibdesk.sourceforge.net/

%% Created for Steven Moran at 2018-06-22 13:42:28 +0200 


%% Saved with string encoding Unicode (UTF-8) 



@misc{Cysouw2018,
	Author = {Michael Cysouw},
	Date-Added = {2018-06-17 11:04:27 +0000},
	Date-Modified = {2018-06-22 11:33:18 +0000},
	Doi = {http://doi.org/10.5281/zenodo.1137278},
	Howpublished = {Zenodo},
	Title = {{qlcData (Version v0.2.1.0)}},
	Url = {https://github.com/cysouw/qlcData/tree/v0.2.1.0},
	Year = {2018},
	Bdsk-Url-1 = {https://github.com/cysouw/qlcData/tree/v0.1.1},
	Bdsk-Url-2 = {http://doi.org/10.5281/zenodo.33175}}

@misc{Cysouw2015,
	Author = {Michael Cysouw},
	Date-Added = {2018-06-17 11:03:29 +0000},
	Date-Modified = {2018-06-22 11:33:15 +0000},
	Doi = {http://doi.org/10.5281/zenodo.33175},
	Howpublished = {Zenodo},
	Title = {{qlcData: zenodo release (Version v0.1.1)}},
	Url = {https://github.com/cysouw/qlcData/tree/v0.1.1},
	Year = {2015},
	Bdsk-Url-1 = {https://github.com/cysouw/qlcData/tree/v0.1.1},
	Bdsk-Url-2 = {http://doi.org/10.5281/zenodo.33175}}

@misc{MoranForkel2017,
	Author = {Steven Moran and Robert Forkel},
	Date-Added = {2018-06-17 10:55:07 +0000},
	Date-Modified = {2018-06-22 11:33:09 +0000},
	Doi = {http://doi.org/10.5281/zenodo.1051158},
	Howpublished = {Zenodo},
	Title = {{cldf/segments: segments 1.1.1 (Version v1.1.1)}},
	Url = {https://github.com/cldf/segments/tree/v1.1.1},
	Year = {2017},
	Bdsk-Url-1 = {https://github.com/cldf/segments/tree/v1.2.1},
	Bdsk-Url-2 = {http://doi.org/10.5281/zenodo.1283757}}

@misc{ForkelMoran2018,
	Author = {Robert Forkel and Steven Moran},
	Date-Added = {2018-06-17 10:53:22 +0000},
	Date-Modified = {2018-06-22 11:42:28 +0000},
	Doi = {http://doi.org/10.5281/zenodo.1296127},
	Howpublished = {Zenodo},
	Title = {{cldf/segments: Unicode Standard tokenization (Version v1.2.2)}},
	Url = {https://github.com/cldf/segments/tree/v1.2.2},
	Year = {2018},
	Bdsk-Url-1 = {https://github.com/cldf/segments/tree/v1.2.1},
	Bdsk-Url-2 = {http://doi.org/10.5281/zenodo.1283757}}

@techreport{Unicode2017,
	Address = {Mountain View, CA},
	Author = {{The Unicode Consortium}},
	Date-Added = {2018-06-05 22:04:50 +0000},
	Date-Modified = {2018-06-12 12:33:47 +0000},
	Institution = {The Unicode Consortium},
	Title = {The Unicode Standard, Version 10.0.0},
	Url = {http://unicode.org/versions/Unicode10.0.0/},
	Year = {2017},
	Bdsk-Url-1 = {http://unicode.org/versions/Unicode10.0.0/}}

@book{IPA1949,
	Address = {London},
	Author = {{The International Phonetic Association}},
	Date-Added = {2018-03-06 11:41:52 +0000},
	Date-Modified = {2018-06-11 20:49:19 +0000},
	Publisher = {International Phonetic Association},
	Title = {The principles of the {IPA}},
	Year = {1949}}

@article{Chao1930,
	Author = {Chao, Yuen Ren},
	Date-Added = {2018-03-06 09:53:11 +0000},
	Date-Modified = {2018-03-06 09:54:08 +0000},
	Journal = {Le Ma{\^\i}tre Phon{\'e}tique},
	Pages = {24--27},
	Title = {A system of tone letters},
	Volume = {30},
	Year = {1930}}

@article{Maddieson1990,
	Author = {Maddieson, Ian},
	Date-Added = {2018-03-06 09:04:43 +0000},
	Date-Modified = {2018-03-06 09:04:53 +0000},
	Journal = {Journal of the International Phonetic Association},
	Number = {2},
	Pages = {28--32},
	Publisher = {Cambridge University Press},
	Title = {The transcription of tone in the {IPA}},
	Volume = {20},
	Year = {1990}}

@techreport{Unicode2014,
	Address = {Mountain View, CA},
	Author = {{The Unicode Consortium}},
	Date-Added = {2018-02-26 18:27:04 +0000},
	Date-Modified = {2018-06-12 12:33:40 +0000},
	Institution = {The Unicode Consortium},
	Title = {The Unicode Standard, Version 7.0.0},
	Url = {http://www.unicode.org/versions/Unicode6.2.0/},
	Year = {2014},
	Bdsk-Url-1 = {http://www.unicode.org/versions/Unicode6.2.0/}}

@misc{IPA2005,
	Author = {{The International Phonetic Association}},
	Date-Added = {2018-02-26 18:06:30 +0000},
	Date-Modified = {2018-06-12 13:51:37 +0000},
	Title = {{The International Phonetic Alphabet}},
	Url = {https://www.internationalphoneticassociation.org},
	Year = {2005},
	Bdsk-Url-1 = {http://www.arts.gla.ac.uk/IPA/}}

@book{Brindle2017,
	Address = {Berlin},
	Author = {Jonathan Brindle},
	Date-Added = {2017-12-27 05:01:22 +0000},
	Date-Modified = {2018-06-12 13:01:17 +0000},
	Doi = {https://doi.org/10.5281/zenodo.344813},
	Fn = {africa\brindle_chakali2017.pdf},
	Hhtype = {grammar;dictionary},
	Inlg = {English [eng]},
	Lgcode = {Chakali [cli]},
	Macro_Area = {Africa},
	Publisher = {Language Science Press},
	Series = {African Language Grammars and Dictionaries},
	Title = {A dictionary and grammatical outline of {Chakali}},
	Volume = {2},
	Year = {2017},
	Bdsk-Url-1 = {https://doi.org/10.5281/zenodo.344813}}

@article{Duckworth_etal1990,
	Author = {Duckworth, Martin and Allen, George and Hardcastle, William and Ball, Martin},
	Date-Added = {2017-02-09 13:39:36 +0000},
	Date-Modified = {2018-06-05 18:23:15 +0000},
	Doi = {https://doi.org/10.3109/02699209008985489},
	Journal = {Clinical Linguistics \& Phonetics},
	Number = {4},
	Pages = {273--280},
	Publisher = {Taylor \& Francis},
	Title = {Extensions to the {International Phonetic Alphabet} for the transcription of atypical speech},
	Volume = {4},
	Year = {1990},
	Bdsk-Url-1 = {https://doi.org/10.3109/02699209008985489}}

@book{Moran_etal2014,
	Address = {Leipzig},
	Date-Added = {2017-02-09 13:33:09 +0000},
	Date-Modified = {2018-02-27 07:33:37 +0000},
	Editor = {Steven Moran and Daniel McCloy and Richard Wright},
	Publisher = {Max Planck Institute for Evolutionary Anthropology},
	Title = {{PHOIBLE} Online},
	Url = {http://phoible.org/},
	Year = {2014},
	Bdsk-Url-1 = {http://phoible.org/}}

@misc{MoranMcCloy2014,
	Author = {Steven Moran and Daniel McCloy},
	Date-Added = {2017-02-09 13:28:18 +0000},
	Date-Modified = {2018-06-12 12:34:13 +0000},
	Title = {{PHOIBLE} notational conventions},
	Url = {http://phoible.github.io/conventions/},
	Year = {2014},
	Bdsk-Url-1 = {http://phoible.github.io/conventions/}}

@misc{MaddiesonPrecoda1992,
	Author = {Maddieson, Ian and Precoda, Kristin},
	Date-Added = {2017-02-01 11:50:46 +0000},
	Date-Modified = {2018-06-05 18:40:22 +0000},
	Howpublished = {User manual},
	Title = {{UPSID} and {PHONEME}},
	Url = {http://phonetics.linguistics.ucla.edu/sales/UPSID-guide.pdf},
	Year = {1992},
	Bdsk-Url-1 = {http://phonetics.linguistics.ucla.edu/sales/UPSID-guide.pdf}}

@incollection{MaddiesonPrecoda1990,
	Author = {Ian Maddieson and Kristin Precoda},
	Booktitle = {{UCLA} Working Papers in Phonetics},
	Date-Added = {2017-02-01 11:43:00 +0000},
	Date-Modified = {2018-02-27 07:38:02 +0000},
	Owner = {stiv},
	Pages = {104--111},
	Publisher = {Department of Linguistics, UCLA},
	Timestamp = {2009.12.25},
	Title = {{Updating UPSID}},
	Volume = {74},
	Year = {1990}}

@phdthesis{Vidal2001,
	Author = {Alejandra Vidal},
	Date-Added = {2017-01-27 14:21:29 +0000},
	Date-Modified = {2018-02-27 07:28:25 +0000},
	School = {University of Oregon},
	Title = {Pilag{\'a} Grammar ({Guaykuruan} Family, {Argentina})},
	Year = {2001}}

@book{Sampson1985,
	Address = {Stanford, CA},
	Author = {Geoffrey Sampson},
	Date-Added = {2017-01-27 14:17:33 +0000},
	Date-Modified = {2018-02-26 22:03:48 +0000},
	Owner = {stiv},
	Publisher = {Stanford University Press},
	Timestamp = {2011.01.18},
	Title = {Writing systems},
	Year = {1985}}

@book{Abercrombie1964,
	Address = {London},
	Author = {David Abercrombie},
	Date-Added = {2017-01-27 14:13:14 +0000},
	Date-Modified = {2018-06-11 20:48:46 +0000},
	Publisher = {Faber and Faber LTD},
	Title = {English Phonetic Texts},
	Year = {1964}}

@article{Becker1984,
	Author = {Becker, Joseph D.},
	Date-Added = {2015-07-06 15:33:06 +0000},
	Date-Modified = {2018-06-12 12:50:06 +0000},
	Journal = {Scientific American},
	Number = {1},
	Pages = {96--107},
	Title = {Multilingual word processing},
	Url = {http://www.jstor.org/stable/24969416},
	Volume = {251},
	Year = {1984},
	Bdsk-Url-1 = {http://www.jstor.org/stable/24969416}}

@article{Hieronymus1993,
	Author = {Hieronymus, James L.},
	Date-Added = {2015-07-06 14:23:22 +0000},
	Date-Modified = {2018-02-27 07:54:14 +0000},
	Journal = {Journal of the International Phonetic Association},
	Title = {{ASCII} phonetic symbols for the world's languages: {Worldbet}},
	Volume = {23},
	Year = {1993}}

@article{Simons1996,
	Author = {Gary F. Simons},
	Date-Added = {2015-07-06 13:27:50 +0000},
	Date-Modified = {2015-07-06 13:29:01 +0000},
	Journal = {Dutch Studies on Near Eastern Languages and Literature},
	Number = {1},
	Pages = {111--128},
	Title = {The Nature of Linguistic Data and the Requirements of a Computing Environment for Linguistic Research},
	Volume = {2},
	Year = {1996}}

@incollection{Simons1998,
	Author = {Gary F. Simons},
	Booktitle = {Using Computers in Linguistics: a practical guide},
	Date-Added = {2015-07-06 13:26:33 +0000},
	Date-Modified = {2015-07-06 13:27:45 +0000},
	Editor = {John M. Lawler and Helen Aristar-Dry},
	Pages = {10--25},
	Publisher = {Routledge},
	Title = {The Nature of Linguistic Data and the Requirements of a Computing Environment for Linguistic Research},
	Year = {1998}}

@techreport{Becker1988,
	Author = {Becker, Joseph D.},
	Date-Added = {2015-07-05 11:10:25 +0000},
	Date-Modified = {2015-07-05 11:11:00 +0000},
	Institution = {Xerox Corporation},
	Title = {Unicode 88},
	Year = {1988}}

@book{PullumLadusaw1986,
	Address = {Chicago, IL},
	Author = {Geoffrey K. Pullum and Ladusaw, William A.},
	Date-Added = {2015-07-05 09:41:54 +0000},
	Date-Modified = {2018-06-05 18:56:26 +0000},
	Publisher = {University of Chicago Press},
	Title = {Phonetic Symbol Guide},
	Year = {1986}}

@book{PullumLadusaw1996,
	Address = {Chicago, IL},
	Author = {Geoffrey K. Pullum and Ladusaw, William A.},
	Date-Added = {2015-07-05 09:41:15 +0000},
	Date-Modified = {2018-06-05 18:56:31 +0000},
	Edition = {2nd edition},
	Publisher = {University of Chicago Press},
	Title = {Phonetic symbol guide},
	Year = {1996}}

@article{Wells1987,
	Author = {Wells, John C.},
	Date-Added = {2015-07-04 11:44:29 +0000},
	Date-Modified = {2018-06-05 19:02:45 +0000},
	Journal = {Journal of the International Phonetic Association},
	Number = {2},
	Pages = {94--114},
	Publisher = {Cambridge University Press},
	Title = {Computer-coded phonetic transcription},
	Volume = {17},
	Year = {1987}}

@article{Apple1986,
	Author = {{Apple Computer}},
	Date-Added = {2015-07-03 10:39:20 +0000},
	Date-Modified = {2017-12-27 04:23:43 +0000},
	Journal = {Inside Machintosh},
	Pages = {27--46},
	Title = {The Font Manager},
	Volume = {4},
	Year = {1986}}

@article{Apple1985,
	Author = {{Apple Computer}},
	Date-Added = {2015-07-03 10:38:25 +0000},
	Date-Modified = {2017-12-27 04:23:30 +0000},
	Journal = {Inside Machintosh},
	Pages = {215--240},
	Title = {The Font Manager},
	Volume = {1},
	Year = {1985}}

@article{Apple1988,
	Author = {{Apple Computer}},
	Date-Added = {2015-07-03 10:37:23 +0000},
	Date-Modified = {2017-12-27 04:24:03 +0000},
	Journal = {Inside Machintosh},
	Pages = {293--322},
	Title = {The Script Manager},
	Volume = {5},
	Year = {1988}}

@article{EvansLevinson2009,
	Author = {Evans, Nicholas and Levinson, Stephen C.},
	Date-Added = {2015-06-30 08:15:23 +0000},
	Date-Modified = {2018-06-05 18:28:04 +0000},
	Journal = {Behavioral and Brain Sciences},
	Number = {5},
	Pages = {429--448},
	Publisher = {Cambridge University Press},
	Title = {The myth of language universals: Language diversity and its importance for cognitive science},
	Volume = {32},
	Year = {2009}}

@unpublished{Wells1995,
	Author = {Wells, John C.},
	Date-Added = {2015-06-30 00:49:09 +0000},
	Date-Modified = {2018-06-12 12:34:02 +0000},
	Title = {Computer-coding the {IPA}: a proposed extension of {SAMPA}},
	Url = {http://www.phon.ucl.ac.uk/home/sampa/ipasam-x.pdf},
	Year = {1995},
	Bdsk-Url-1 = {http://www.phon.ucl.ac.uk/home/sampa/ipasam-x.pdf}}

@article{Wells_etal1992,
	Author = {Wells, John C. and Barry, William and Grice, Martine and Fourcin, Adrian and Gibbon, Dafydd},
	Date-Added = {2015-06-30 00:41:43 +0000},
	Date-Modified = {2018-06-05 19:02:14 +0000},
	Journal = {Esprit project 2589 (SAM), Doc. no. SAM-UCL},
	Title = {Standard computer-compatible transcription},
	Volume = {37},
	Year = {1992}}

@article{McLaughlin2005,
	Author = {Fiona {McLaughlin}},
	Date-Added = {2015-06-29 10:57:53 +0000},
	Date-Modified = {2018-02-27 07:37:23 +0000},
	Journal = {Journal of the International Phonetic Association},
	Number = {2},
	Owner = {stiv},
	Pages = {201--214},
	Timestamp = {2010.11.14},
	Title = {Voiceless Implosives in {Seereer-Siin}},
	Volume = {35},
	Year = {2005}}

@inproceedings{Anderson1984,
	Acmid = {980492},
	Author = {Anderson, Lloyd B.},
	Booktitle = {{Proceedings of the 10th International Conference on Computational Linguistics}},
	Date-Added = {2015-06-26 09:06:11 +0000},
	Date-Modified = {2018-06-12 12:45:27 +0000},
	Doi = {10.3115/980431.980492},
	Location = {Stanford, CA},
	Numpages = {4},
	Pages = {1--4},
	Publisher = {Association for Computational Linguistics},
	Title = {Multilingual Text Processing in a Two-byte Code},
	Url = {http://dx.doi.org/10.3115/980431.980492},
	Year = {1984},
	Bdsk-Url-1 = {http://dx.doi.org/10.3115/980431.980492}}

@article{Davis1987,
	Author = {Davis, Mark E.},
	Date-Added = {2015-06-26 08:59:40 +0000},
	Date-Modified = {2015-06-26 09:00:03 +0000},
	Journal = {Newsletter for Asian and Middle Eastern Languages on Computer},
	Number = {1\&2},
	Pages = {9--24},
	Title = {The Macintosh script system},
	Volume = {2},
	Year = {1987}}

@article{Esling1990,
	Author = {Esling, John H.},
	Date-Added = {2015-06-25 13:39:35 +0000},
	Date-Modified = {2018-06-13 07:24:51 +0000},
	Journal = {Journal of the International Phonetic Association},
	Number = {1},
	Pages = {22--26},
	Publisher = {Cambridge University Press},
	Title = {Computer coding of the {IPA}: Supplementary report},
	Volume = {20},
	Year = {1990}}

@book{IPA1999,
	Address = {Cambridge, UK},
	Author = {{The International Phonetic Association}},
	Date-Added = {2015-06-25 08:03:48 +0000},
	Date-Modified = {2018-02-27 07:58:04 +0000},
	Owner = {stiv},
	Publisher = {Cambridge University Press},
	Timestamp = {2010.11.14},
	Title = {Handbook of the {International Phonetic Association}: A Guide to the Use of the {International Phonetic Alphabet}},
	Year = {1999}}

@article{International1989report,
	Author = {P. J. Roach},
	Date-Added = {2015-06-24 09:37:13 +0000},
	Date-Modified = {2018-06-08 13:56:13 +0000},
	Journal = {Journal of the International Phonetic Association},
	Number = {2},
	Pages = {67--80},
	Title = {Report on the 1989 {Kiel} convention},
	Volume = {19},
	Year = {1989}}

@article{EslingGaylord1993,
	Author = {Esling, John H. and Gaylord, Harry},
	Date-Added = {2015-06-24 09:30:43 +0000},
	Date-Modified = {2015-06-24 09:37:50 +0000},
	Journal = {Journal of the International Phonetic Association},
	Number = {2},
	Pages = {83--97},
	Publisher = {Cambridge University Press},
	Title = {Computer codes for phonetic symbols},
	Volume = {23},
	Year = {1993}}

@article{Ladefoged1990,
	Author = {Peter Ladefoged},
	Date-Added = {2015-06-24 09:21:23 +0000},
	Date-Modified = {2018-06-12 12:55:14 +0000},
	Journal = {Language},
	Number = {3},
	Owner = {stiv},
	Pages = {550--552},
	Timestamp = {2010.08.03},
	Title = {{The Revised International Phonetic Alphabet}},
	Volume = {63},
	Year = {1990}}

@article{Ladefoged1990a,
	Author = {Peter Ladefoged},
	Date-Added = {2015-06-24 09:21:18 +0000},
	Date-Modified = {2018-06-05 18:38:47 +0000},
	Journal = {Journal of Phonetics},
	Number = {3},
	Owner = {stiv},
	Pages = {335--346},
	Timestamp = {2010.11.14},
	Title = {Some Reflections on the {IPA}},
	Volume = {18},
	Year = {1990}}

@article{Belongie2002,
	Author = {Belongie, Serge and Malik, Jitendra and Puzicha, Jan},
	Date-Modified = {2018-06-12 12:56:11 +0000},
	Doi = {10.1109/34.993558},
	Journal = {IEEE Transactions on Pattern Analysis and Machine Intelligence},
	Month = {4},
	Number = {4},
	Pages = {509--522},
	Publisher = {IEEE},
	Title = {Shape matching and object recognition using shape contexts},
	Url = {http://www.dtic.mil/get-tr-doc/pdf?AD=ADA640016},
	Volume = {24},
	Year = {2002},
	Bdsk-Url-1 = {http://www.dtic.mil/get-tr-doc/pdf?AD=ADA640016},
	Bdsk-Url-2 = {https://doi.org/10.1109/34.993558}}

@article{Beider2008,
	Author = {Beider, Alexander and Morse, Stephen P.},
	Date-Modified = {2018-06-05 17:48:07 +0000},
	Journal = {Avotaynu: the International Review of Jewish Genealogy},
	Number = {2},
	Pages = {12},
	Title = {{Beider-Morse} Phonetic Matching: {An} Alternative to {Soundex} with fewer False Hits},
	Volume = {24},
	Year = {2008},
	Bdsk-Url-1 = {https://web.archive.org/web/20150513075152/http://stevemorse.org/phonetics/bmpm.htm}}

@book{Knuth1973,
	Address = {Reading, MA},
	Author = {Knuth, Donald E.},
	Date-Modified = {2018-06-12 13:44:49 +0000},
	Oclcid = {8808880},
	Publisher = {Addison-Wesley},
	Title = {The Art of Programming: Sorting and Searching},
	Volume = {3},
	Year = {1973}}

@article{postel1969,
	Author = {Postel, Hans J.},
	Date-Modified = {2018-06-12 13:49:01 +0000},
	Journal = {IBM-Nachrichten},
	Pages = {925--931},
	Title = {Die {K{\"o}lner} {Phonetik}: Ein {Verfahren} zur {Identifizierung} von {Personennamen} auf der {Grundlage} der {Gestaltanalyse}},
	Volume = {19},
	Year = {1969}}

@article{Brown2013,
	Author = {Brown, Cecil H. and Holman, Eric W. and Wichmann, S{\o}ren},
	Doi = {10.1353/lan.2013.0009},
	Issn = {1535-0665},
	Journal = {Language},
	Number = {1},
	Pages = {4--29},
	Publisher = {Johns Hopkins University Press},
	Title = {Sound Correspondences in the World's Languages},
	Volume = {89},
	Year = {2013},
	Bdsk-Url-1 = {http://dx.doi.org/10.1353/lan.2013.0009}}

@book{Mania2008,
	Address = {Reinbek bei Hamburg},
	Author = {Mania, Hubert},
	Date-Modified = {2018-02-27 07:37:39 +0000},
	Isbn = {9783498045067},
	Oclcid = {214415669},
	Publisher = {Rowohlt},
	Title = {{Gauss: eine Biographie}},
	Year = {2008}}

@book{Singh1999,
	Address = {New York, NY},
	Author = {Singh, Simon},
	Date-Modified = {2018-02-27 07:47:11 +0000},
	Isbn = {9780385495318},
	Oclcid = {41572673},
	Publisher = {Doubleday},
	Title = {The code book},
	Year = {1999}}

@book{Huurdeman2003,
	Address = {New York, NY},
	Author = {Huurdeman, Anton A.},
	Isbn = {0471205052},
	Publisher = {John Wiley \& Sons},
	Title = {The worldwide history of telecommunications},
	Year = {2003}}

@book{Meyer2015,
	Address = {Berlin},
	Author = {Meyer, Julien},
	Date-Modified = {2017-01-27 13:18:04 +0000},
	Isbn = {9783662458372},
	Oclcid = {903685464},
	Publisher = {Springer},
	Title = {Whistled languages: a worldwide inquiry on human whistled speech},
	Year = {2015},
	Bdsk-Url-1 = {http://search.ebscohost.com/login.aspx?direct=true&scope=site&db=nlebk&db=nlabk&AN=957780}}

@inproceedings{Meyer2012,
	Author = {Meyer, Julien and Dentel, Laure and Seifart, Frank},
	Booktitle = {{Proceedings of Interspeech}},
	Date-Modified = {2018-06-12 13:46:49 +0000},
	Pages = {687--690},
	Title = {A methodology for the study of rhythm in drummed forms of languages: application to {Bora Manguar{\'e} of Amazon}},
	Uuid = {43F1B49D-3532-4E18-94E5-D836460A1093},
	Year = {2012}}

@book{Robinson1995,
	Address = {London},
	Author = {Robinson, Andrew},
	Date-Modified = {2018-06-11 20:49:34 +0000},
	Publisher = {Thames and Hudson},
	Title = {The Story of Writing},
	Year = {1995}}

@book{Powell2012,
	Address = {New York, NY},
	Author = {Powell, Barry B.},
	Date-Modified = {2017-01-27 13:28:31 +0000},
	Isbn = {1118293495},
	Publisher = {John Wiley \& Sons},
	Ris_Reference_Number = {904821685},
	Title = {Writing Theory and History of the Technology of Civilization},
	Year = {2012},
	Bdsk-Url-1 = {http://nbn-resolving.de/urn:nbn:de:101:1-201502112957}}

@article{Olumuyiw2013,
	Author = {Ol{\'u}m{\'u}y{\`\i}w, T{\`e}m{\'\i}tọ́pẹ́},
	Date-Modified = {2018-06-12 12:55:00 +0000},
	Journal = {Journal of Arts and Humanities},
	Number = {1},
	Pages = {40--51},
	Title = {Yoruba Writing: Standards and Trends},
	Url = {http://www.theartsjournal.org/index.php/site/article/view/50},
	Volume = {2},
	Year = {2013},
	Bdsk-Url-1 = {http://www.theartsjournal.org/index.php/site/article/view/50}}

@techreport{Unicode2018,
	Address = {Mountain View, CA},
	Author = {{The Unicode Consortium}},
	Date-Modified = {2018-06-12 13:58:15 +0000},
	Institution = {The Unicode Consortium},
	Title = {{The Unicode Standard}, Version 11.0.0},
	Url = {http://www.unicode.org/versions/Unicode11.0.0/},
	Year = {2018},
	Bdsk-Url-1 = {http://www.unicode.org/versions/Unicode11.0.0/}}

@article{MoranProkic2013,
	Author = {Moran, Steven and Jelena Proki{\'c}},
	Date-Added = {2015-05-30 12:49:53 +0000},
	Date-Modified = {2018-06-12 12:55:19 +0000},
	Journal = {Literary And Linguistic Computing},
	Number = {4},
	Pages = {676--691},
	Title = {Investigating the Relatedness of the Endangered Dogon Languages},
	Url = {http://llc.oxfordjournals.org/content/28/4/676},
	Volume = {28},
	Year = {2013},
	Bdsk-Url-1 = {http://llc.oxfordjournals.org/content/28/4/676}}

@inproceedings{ListMoran2013,
	Author = {Johann-Mattis List and Steven Moran},
	Booktitle = {Proceedings of the 51st Annual Meeting of the Association for Computational Linguistics},
	Date-Added = {2015-05-30 12:49:33 +0000},
	Date-Modified = {2018-06-12 12:54:54 +0000},
	Pages = {13--18},
	Title = {An Open Source Toolkit for Quantitative Historical Linguistics},
	Year = {2013}}

@inproceedings{Albright2000,
	Address = {Philadelphia, PA},
	Author = {Eric S. Albright},
	Booktitle = {Paper presented at the Workshop on Web-Based Language Documentation and Description},
	Date-Added = {2015-05-28 13:46:01 +0000},
	Date-Modified = {2018-02-26 22:04:38 +0000},
	Owner = {schwarzwald},
	Timestamp = {2009.07.21},
	Title = {Design of an Electronic Method for Describing Writing Systems},
	Url = {http://www.ldc.upenn.edu/exploration/expl2000/papers/albright/albright.htm},
	Year = {2000},
	Bdsk-Url-1 = {http://www.ldc.upenn.edu/exploration/expl2000/papers/albright/albright.htm}}

@inproceedings{Anderson2003,
	Author = {Deborah Anderson},
	Booktitle = {{Proceedings E-MELD Conference 2003: Digitizing and Annotating Texts and Field Recordings}},
	Date-Added = {2015-05-28 13:46:01 +0000},
	Date-Modified = {2018-02-27 08:07:31 +0000},
	Owner = {schwarzwald},
	Timestamp = {2009.08.05},
	Title = {Using the Unicode Standard for Linguistic Data: Preliminary Guidelines},
	Year = {2003}}

@misc{ASJP16,
	Author = {Andr{\'e} M{\"u}ller, Annkathrin Wett, Viveka Velupillai, Julia Bischoffberger, Cecil H. Brown, Eric W. Holman, Sebastian Sauppe, Zarina Molochieva, Pamela Brown, Harald Hammarstr{\"o}m, Oleg Belyaev, Johann-Mattis List, Dik Bakker, Dmitry Egorov, Matthias Urban, Robert Mailhammer, Agustina Carrizo, Matthew S. Dryer, Evgenia Korovina, David Beck, Helen Geyer, Patience Epps, Anthony Grant, and Pilar Valenzuela},
	Date-Added = {2015-05-28 13:46:01 +0000},
	Date-Modified = {2018-06-12 12:24:45 +0000},
	Title = {The {ASJP} Database (version 16)},
	Url = {http://asjp.clld.org/},
	Year = {2013},
	Bdsk-Url-1 = {http://asjp.clld.org/}}

@article{BirdSimons2003,
	Author = {Bird, Steven and Gary F. Simons},
	Date-Added = {2015-05-28 13:46:01 +0000},
	Date-Modified = {2018-06-05 17:50:30 +0000},
	Doi = {https://doi.org/10.1353/lan.2003.0149},
	Journal = {Language},
	Number = {3},
	Owner = {schwarzwald},
	Pages = {557--582},
	Timestamp = {2009.08.04},
	Title = {Seven Dimensions of Portability for Language Documentation and Description},
	Volume = {79},
	Year = {2003},
	Bdsk-Url-1 = {http://www.language-archives.org/documents/portability.pdf}}

@book{Coulmas1999,
	Address = {Cambridge, UK},
	Author = {Coulmas, Florian},
	Date-Added = {2015-05-28 13:46:01 +0000},
	Date-Modified = {2018-02-27 07:43:45 +0000},
	Owner = {stiv},
	Publisher = {Blackwell Publishers},
	Timestamp = {2010.03.30},
	Title = {The Blackwell Encyclopedia of Writing Systems},
	Year = {1999}}

@article{Daniels1990,
	Author = {Peter T. Daniels},
	Date-Added = {2015-05-28 13:46:01 +0000},
	Date-Modified = {2018-06-12 13:02:48 +0000},
	Doi = {10.2307/602899},
	Journal = {Journal of the American Oriental Society},
	Number = {4},
	Pages = {727--731},
	Title = {Fundamentals of Grammatology},
	Url = {http://www.jstor.org/stable/602899},
	Volume = {110},
	Year = {1990},
	Bdsk-Url-1 = {http://www.jstor.org/stable/602899},
	Bdsk-Url-2 = {https://doi.org/10.2307/602899}}

@incollection{Daniels1996,
	Address = {New York, NY},
	Author = {Peter T. Daniels},
	Booktitle = {The World's Writing Systems},
	Date-Added = {2015-05-28 13:46:01 +0000},
	Date-Modified = {2018-02-26 22:12:11 +0000},
	Editor = {Daniels, P. T. and Bright, W.},
	Owner = {stiv},
	Publisher = {Oxford University Press},
	Timestamp = {2011.01.18},
	Title = {The Study of Writing Systems},
	Year = {1996}}

@book{DanielsBright1996,
	Address = {New York, NY},
	Author = {Peter T. Daniels and William Bright},
	Date-Added = {2015-05-28 13:46:01 +0000},
	Date-Modified = {2018-02-26 22:12:17 +0000},
	Owner = {stiv},
	Publisher = {Oxford University Press},
	Timestamp = {2011.01.18},
	Title = {The World's Writing Systems},
	Year = {1996}}

@incollection{Dolgopolsky1986,
	Address = {Ann Arbor, MI},
	Author = {Dolgopolsky, Aharon B.},
	Booktitle = {Typology, Relationship and Time: A collection of papers on language change and relationship by Soviet linguists},
	Date-Added = {2015-05-28 13:46:01 +0000},
	Date-Modified = {2018-06-12 13:41:43 +0000},
	Editor = {Vitalij V. Shevoroshkin and Thomas L. Markey},
	Pages = {27--50},
	Publisher = {Karoma},
	Title = {A probabilistic hypothesis concerning the oldest relationships among the language families of {Northern Eurasia}},
	Year = {1986}}

@incollection{Garrett2005,
	Address = {Berlin/Heidelberg},
	Author = {Edward Garrett},
	Booktitle = {Computational Linguistics and Intelligent Text Processing},
	Date-Added = {2015-05-28 13:46:01 +0000},
	Date-Modified = {2018-02-26 22:12:46 +0000},
	Editor = {Alexander Gelbukh},
	Owner = {schwarzwald},
	Pages = {463--473},
	Publisher = {Springer},
	Timestamp = {2009.08.04},
	Title = {A Finite State Network for Phonetic Text Processing},
	Year = {2005}}

@mastersthesis{Gaultney2002,
	Address = {Reading, UK},
	Author = {J. Victor Gaultney},
	Date-Added = {2015-05-28 13:46:01 +0000},
	Date-Modified = {2018-06-12 13:44:03 +0000},
	Publisher = {SIL International},
	Title = {Problems of diacritic design for {Latin} script text faces},
	Url = {https://www.sil.org/resources/archives/9816},
	Year = {2002},
	Bdsk-Url-1 = {https://www.sil.org/resources/archives/9816}}

@inproceedings{Gibbon2007computational,
	Author = {Gibbon, Dafydd and Hughes, Baden and Trippel, Thorsten},
	Booktitle = {Proceedings of the 7th international workshop on computational semantics},
	Date-Added = {2015-05-28 13:46:01 +0000},
	Date-Modified = {2015-05-28 13:46:01 +0000},
	Title = {The computational semantics of characters},
	Year = {2007}}

@inproceedings{GibbonHughesTrippel2005,
	Author = {Dafydd Gibbon and Baden Hughes and Thorsten Trippel},
	Booktitle = {Proceedings of Jahrestagung der Gesellschaft f{\"u}r Klassifikation 2005},
	Date-Added = {2015-05-28 13:46:01 +0000},
	Date-Modified = {2018-02-26 22:12:57 +0000},
	Owner = {schwarzwald},
	Timestamp = {2009.08.05},
	Title = {Semantic Decomposition of Character Encodings for Linguistic Knowledge Discovery},
	Year = {2005}}

@inproceedings{GibbonHughesTrippel2007,
	Author = {Thorsten Trippel and Dafydd Gibbon and Baden Hughes},
	Booktitle = {Proceedings of the Seventh International Workshop on Computational Semantics (IWCS-7)},
	Date-Added = {2015-05-28 13:46:01 +0000},
	Date-Modified = {2018-02-26 22:13:02 +0000},
	Owner = {stiv},
	Pages = {324--329},
	Timestamp = {2009.12.17},
	Title = {The Computational Semantics of Characters},
	Year = {2007}}

@incollection{HaspelmathTadmor2009,
	Address = {Berlin},
	Author = {Martin Haspelmath and Uri Tadmor},
	Booktitle = {Loanwords in the World's Languages: A Comparative Handbook},
	Date-Added = {2015-05-28 13:46:01 +0000},
	Date-Modified = {2018-02-26 22:13:08 +0000},
	Editor = {Martin Haspelmath and Uri Tadmor},
	Pages = {1--3},
	Publisher = {De Gruyter},
	Title = {The Loanword Typology Project and the World Loanword Database},
	Year = {2009}}

@inproceedings{HughesGibbonTrippel2006,
	Author = {Baden Hughes and Dafydd Gibbon and Thorsten Trippel},
	Booktitle = {Proceedings of LREC 2006},
	Date-Added = {2015-05-28 13:46:01 +0000},
	Date-Modified = {2018-02-26 22:13:16 +0000},
	Owner = {stiv},
	Timestamp = {2011.02.14},
	Title = {Feature-Based Encoding and Querying Language Resources With Character Semantics},
	Year = {2006}}

@misc{IPA2015,
	Author = {{The International Phonetic Association}},
	Date-Added = {2015-05-28 13:46:01 +0000},
	Date-Modified = {2018-06-12 13:51:18 +0000},
	Institution = {International Phonetic Association},
	Title = {{The International Phonetic Association}},
	Url = {https://www.internationalphoneticassociation.org},
	Year = {2015},
	Bdsk-Url-1 = {http://www.arts.gla.ac.uk/IPA/}}

@article{Kemp2006,
	Author = {Kemp, Alan},
	Date-Added = {2015-05-28 13:46:01 +0000},
	Date-Modified = {2015-05-28 13:46:01 +0000},
	Journal = {The Encyclopedia of Language and Linguistics},
	Pages = {396--410},
	Title = {Phonetic Transcription: History},
	Volume = {6},
	Year = {2006}}

@incollection{Kohrt1986,
	Address = {Berlin},
	Author = {Manfred Kohrt},
	Booktitle = {New Trends in Graphemics and Orthography},
	Date-Added = {2015-05-28 13:46:01 +0000},
	Date-Modified = {2018-02-27 07:48:13 +0000},
	Editor = {Gerhard Augst},
	Owner = {stiv},
	Pages = {80--96},
	Publisher = {{de Gruyter}},
	Timestamp = {2011.01.18},
	Title = {The Term `Grapheme' in the History and Theory of Linguistics},
	Year = {1986}}

@inproceedings{List2012,
	Author = {List, Johann-Mattis},
	Booktitle = {Proceedings of ConSOLE XIX},
	Date-Added = {2015-05-28 13:46:01 +0000},
	Date-Modified = {2018-06-12 12:55:07 +0000},
	Eprint = {http://media.leidenuniv.nl/legacy/console19-proceedings-list.pdf},
	Eprinttype = {PDF},
	Eventdate = {2011-01-05/2011-01-08},
	Eventtitle = {The 19th Conference of Student Organization of Linguistics in Europe},
	Owner = {mattis},
	Pages = {241--260},
	Subtitle = {{A} sound class based approach},
	Timestamp = {2012.01.10},
	Title = {Multiple sequence alignment in historical linguistics},
	Venue = {Groningen},
	Year = {2012}}

@incollection{List2012a,
	Address = {Berlin and Heidelberg},
	Author = {List, Johann-Mattis},
	Booktitle = {New directions in logic, language, and computation},
	Date-Added = {2015-05-28 13:46:01 +0000},
	Date-Modified = {2015-05-28 13:46:01 +0000},
	Editor = {Slavkovik, Marija and Lassiter, Dan},
	Number = {7415},
	Owner = {mattis},
	Pages = {32--51},
	Publisher = {Springer},
	Series = {LNCS},
	Timestamp = {2012.03.08},
	Title = {{SCA}. Phonetic alignment based on sound classes},
	Year = {2012}}

@inproceedings{List2012b,
	Author = {List, Johann-Mattis},
	Booktitle = {Proceedings of the EACL 2012 Joint Workshop of LINGVIS \& UNCLH},
	Date-Added = {2015-05-28 13:46:01 +0000},
	Date-Modified = {2015-05-28 13:46:01 +0000},
	Event = {EACL 2012},
	Eventdate = {2012-04-23/2012-04-24},
	Organization = {Association for Computational Linguistics},
	Owner = {mattis},
	Pages = {117--125},
	Subtitle = {Automatic Detection of Cognates in Multilingual Wordlists},
	Timestamp = {2012.04.17},
	Title = {LexStat},
	Venue = {Avignon, France},
	Year = {2012}}

@incollection{List2012esslli,
	Address = {Berlin and Heidelberg},
	Author = {List, Johann-Mattis},
	Booktitle = {New directions in logic, language, and computation},
	Date-Added = {2015-05-28 13:46:01 +0000},
	Date-Modified = {2015-05-28 13:46:01 +0000},
	Editor = {Daniel Lassiter and Slavkovik, Marija},
	Owner = {mattis},
	Pages = {32--51},
	Publisher = {Springer},
	Timestamp = {2012.03.08},
	Title = {{SCA}: Phonetic alignment based on sound classes},
	Year = {2012}}

@customa{List2012stockholm,
	Author = {List, Johann-Mattis and Nelson-Sathi, Shijulal and Dagan, Tal},
	Date = {2012},
	Date-Added = {2015-05-28 13:46:01 +0000},
	Date-Modified = {2015-05-28 13:46:01 +0000},
	Eventdate = {2012-08-29/2012-09-01},
	Eventtitle = {Beyond Phylogeny: Quantitative diachronic explanations of language diversity},
	Howpublished = {paperworkshop},
	Organization = {Socieatas Linguistica Europaea},
	Owner = {mattis},
	Timestamp = {2012.09.06},
	Title = {Modelling Chinese dialect evolution},
	Venue = {Stockholm}}

@article{List2012c,
	Author = {List, Johann-Mattis},
	Date-Added = {2015-05-28 13:46:01 +0000},
	Date-Modified = {2017-01-27 14:20:04 +0000},
	Journal = {Proceedings of ConSOLE XIX},
	Pages = {241--260},
	Title = {Multiple Sequence Alignment in Historical Linguistics. {A} Sound Class Based Approach},
	Year = {2012}}

@book{Maddieson1984,
	Address = {Cambridge, UK},
	Author = {Maddieson, Ian},
	Date-Added = {2015-05-28 13:46:01 +0000},
	Date-Modified = {2018-06-05 18:39:25 +0000},
	Owner = {schwarzwald},
	Publisher = {Cambridge University Press},
	Timestamp = {2009.07.21},
	Title = {Patterns of Sounds},
	Year = {1984}}

@article{MeinhofJones1928,
	Author = {Carl Meinhof and Daniel Jones},
	Date-Added = {2015-05-28 13:46:01 +0000},
	Date-Modified = {2018-02-27 07:55:39 +0000},
	Journal = {Africa: Journal of the International African Institute},
	Number = {2},
	Pages = {228--239},
	Title = {Principles of Practical Orthography for {African} Languages},
	Volume = {1},
	Year = {1928}}

@article{Mielke2009,
	Author = {Jeff Mielke},
	Date-Added = {2015-05-28 13:46:01 +0000},
	Date-Modified = {2018-06-05 18:41:31 +0000},
	Doi = {https://doi.org/10.1111/j.1749-818X.2008.00117.x},
	Journal = {Language and Linguistics Compass},
	Number = {2},
	Owner = {stiv},
	Pages = {700--718},
	Timestamp = {2010.04.27},
	Title = {Segment Inventories},
	Volume = {3},
	Year = {2009},
	Bdsk-Url-1 = {https://doi.org/10.1111/j.1749-818X.2008.00117.x}}

@mastersthesis{Moran2006,
	Address = {Ypsilanti, MI},
	Author = {Moran, Steven},
	Date-Added = {2015-05-28 13:46:01 +0000},
	Date-Modified = {2018-06-05 18:42:27 +0000},
	School = {Eastern Michigan University},
	Title = {A Grammatical Sketch of {Western Sisaala}},
	Url = {http://commons.emich.edu/theses/73/},
	Year = {2006},
	Bdsk-Url-1 = {http://commons.emich.edu/theses/73/}}

@inproceedings{Moran2009,
	Address = {Athens, Greece},
	Author = {Steven Moran},
	Booktitle = {Proceedings of the First Workshop on Language Technologies for African Languages (AfLaT 2009)},
	Date-Added = {2015-05-28 13:46:01 +0000},
	Date-Modified = {2015-05-28 13:46:01 +0000},
	Owner = {schwarzwald},
	Publisher = {Association for Computational Linguistics},
	Timestamp = {2009.08.02},
	Title = {{An Ontology for Accessing Transcription Systems (OATS)}},
	Url = {http://www.aclweb.org/anthology/W09-0716},
	Year = {2009},
	Bdsk-Url-1 = {http://www.aclweb.org/anthology/W09-0716}}

@incollection{Moran2011,
	Author = {Moran, Steven},
	Booktitle = {Language Resources \& Evaluation: Special Issue on African Language Technology},
	Date-Added = {2015-05-28 13:46:01 +0000},
	Date-Modified = {2015-05-28 13:46:01 +0000},
	Editor = {Guy {De Pauw}, Laurette Pretorius, Gilles-Maurice {de Schryver} and Lori Levin},
	Publisher = {LREC},
	Title = {An Ontology for Accessing Transcription Systems},
	Year = {2011}}

@phdthesis{Moran2012,
	Author = {Steven Moran},
	Date-Added = {2015-05-28 13:46:01 +0000},
	Date-Modified = {2018-06-12 13:47:27 +0000},
	School = {University of Washington},
	Title = {Phonetics Information Base and Lexicon},
	Url = {https://digital.lib.washington.edu/researchworks/handle/1773/22452},
	Year = {2012},
	Bdsk-Url-1 = {https://digital.lib.washington.edu/researchworks/handle/1773/22452}}

@inproceedings{PoornimaGood2010,
	Author = {Shakthi Poornima and Jeff Good},
	Booktitle = {Proceedings of the 2010 Workshop on NLP and Linguistics: Finding the Common Ground},
	Date-Added = {2015-05-28 13:46:01 +0000},
	Date-Modified = {2018-02-26 22:18:27 +0000},
	Pages = {1--9},
	Publisher = {Association for Computational Linguistics},
	Title = {Modeling and Encoding Traditional Wordlists for Machine Applications},
	Year = {2010}}

@incollection{Simons1989,
	Address = {Dallas, TX},
	Author = {Simons, Gary F.},
	Booktitle = {Laptop publishing for the field linguist: An approach based on {Microsoft Word}},
	Date-Added = {2015-05-28 13:46:01 +0000},
	Date-Modified = {2018-06-05 18:59:35 +0000},
	Editor = {Priscilla M. Kew and Gary F. Simons},
	Owner = {schwarzwald},
	Pages = {103--118},
	Publisher = {Summer Institute of Linguistics},
	Series = {Occasional Publications in Academic Computing},
	Timestamp = {2009.07.21},
	Title = {Working With Special Characters},
	Url = {https://www.sil.org/resources/archives/1483},
	Year = {1989},
	Bdsk-Url-1 = {https://www.sil.org/resources/archives/1483}}

@inproceedings{Simons1989a,
	Author = {Simons, Gary F.},
	Booktitle = {The Fifteenth {LACUS} Forum 1988},
	Date-Added = {2015-05-28 13:46:01 +0000},
	Date-Modified = {2018-06-05 18:58:29 +0000},
	Editor = {Ruth M. Brend and David G. Lockwood},
	Owner = {stiv},
	Pages = {538--553},
	Timestamp = {2011.02.14},
	Title = {The Computational Complexity of Writing Systems},
	Year = {1989}}

@book{Sproat2000,
	Address = {Cambridge, UK},
	Author = {Richard Sproat},
	Date-Added = {2015-05-28 13:46:01 +0000},
	Date-Modified = {2018-02-26 22:04:15 +0000},
	Owner = {stiv},
	Publisher = {Cambridge University Press},
	Timestamp = {2011.01.18},
	Title = {A Computational Theory of Writing Systems},
	Year = {2000}}

@article{Steiner_etal2011,
	Author = {Steiner, Lydia and Stadler, Peter F and Cysouw, Michael},
	Date-Added = {2015-05-28 13:46:01 +0000},
	Date-Modified = {2015-05-28 13:46:01 +0000},
	Journal = {Language Dynamics and Change},
	Number = {1},
	Pages = {89--127},
	Publisher = {BRILL},
	Title = {A Pipeline for Computational Historical Linguistics},
	Volume = {1},
	Year = {2011}}

@book{Swadesh1971,
	Address = {Chicago, IL},
	Author = {Swadesh, Morris},
	Date-Added = {2015-05-28 13:46:01 +0000},
	Date-Modified = {2015-05-28 13:46:01 +0000},
	Publisher = {Aldine},
	Title = {{The Origin and Diversification of Language. Edited Post Mortem by Joel Sherzer}},
	Year = {1971}}

@misc{Unicode5,
	Author = {{The Unicode Consortium}},
	Date-Added = {2015-05-28 13:46:01 +0000},
	Date-Modified = {2018-02-27 08:07:04 +0000},
	Owner = {stiv},
	Publisher = {Boston, MA, Addison-Wesley},
	Timestamp = {2009.12.17},
	Title = {{The Unicode Standard, Version 5.0.0, Defined By: The Unicode Standard, Version 5.0}},
	Url = {http://www.unicode.org/versions/Unicode5.0.0/},
	Year = {2007},
	Bdsk-Url-1 = {http://www.unicode.org/versions/Unicode5.0.0/}}

@techreport{Unicode2012,
	Address = {Mountain View, CA},
	Author = {{The Unicode Consortium}},
	Date-Added = {2015-05-28 13:46:01 +0000},
	Date-Modified = {2018-06-12 12:33:32 +0000},
	Institution = {The Unicode Consortium},
	Title = {The Unicode Standard, Version 6.2.0},
	Url = {http://www.unicode.org/versions/Unicode6.2.0/},
	Year = {2012},
	Bdsk-Url-1 = {http://www.unicode.org/versions/Unicode6.2.0/}}

@article{vanZundert2012,
	Author = {Joris van Zundert},
	Date-Added = {2015-05-28 13:46:01 +0000},
	Date-Modified = {2015-05-28 13:46:01 +0000},
	Journal = {Historical Social Research},
	Number = {3},
	Pages = {165--186},
	Title = {If you build it, will we come? Large scale digital infrastructures as a dead end for digital humanities},
	Volume = {37},
	Year = {2012}}

@unpublished{WellsND,
	Author = {John C. Wells},
	Date-Added = {2015-05-28 13:46:01 +0000},
	Date-Modified = {2018-02-27 07:31:20 +0000},
	Note = {Unpublished Manuscript},
	Owner = {stiv},
	Timestamp = {2010.11.14},
	Title = {Computer-coding the {IPA}: A Proposed Extension of {SAMPA}},
	Year = {{n.d.}}}

@inproceedings{Zuraw2006,
	Author = {Kie Zuraw},
	Booktitle = {Proceedings of the 2nd International Workshop on Web as Corpus},
	Date-Added = {2015-05-28 13:46:01 +0000},
	Date-Modified = {2018-02-27 07:28:50 +0000},
	Owner = {stiv},
	Timestamp = {2008.10.19},
	Title = {Using the Web as a Phonological Corpus: A Case Study From {Tagalog}},
	Year = {2006}}

@book{Comrie1981,
	Address = {Oxford, UK},
	Author = {Bernard Comrie},
	Date-Modified = {2018-02-27 07:43:51 +0000},
	Publisher = {Basil Blackwell},
	Title = {Language Universals and Linguistic Typology},
	Year = {1981}}

@book{Chomsky1957,
	Address = {The Hague},
	Author = {Noam Chomsky},
	Date-Modified = {2018-02-27 07:44:07 +0000},
	Publisher = {Mouton},
	Title = {Syntactic structures},
	Year = {1957}}
